% This file was created with YounG
% Encoding: UTF8

@book{Kline,
  author         = {克莱因},
  editor         = {},
  title          = {古今数学思想},
  publisher      = {上海科学技术出版社},
  year           = {2002}
}

@article{quanjing,
  author          = {曲安京},
  title           = {商高、赵爽与刘徽关于勾股定理的证明},
  journal         = {数学传播},
  volume          = {1998},
  number          = {20},
  year            = {3}
}

@book{Shiye,
  author         = {矢野健太郎},
  editor         = {},
  title          = {几何的有名定理},
  publisher      = {上海科学技术出版社},
  year           = {1986}
}